@article{article_en_example,
  title        = {Consideration of Hydrogen Aircraft from an Operational Perspective},
  author       = {Koimai, Takashi and Hirai, Shingo and Rinoie, Kenichi},
  journaltitle = {Aeronautical and Space Sciences Japan},
  volume       = {71},
  number       = {7},
  pages        = {169-176},
  date         = {2023-07-05},
  doi          = {10.14822/kjsass.71.7_169},
  langid       = {english}
}

@article{article_ja_example,
  title        = {日本航空宇宙学会講演集原稿執筆要領},
  author       = {日本航空宇宙学会},
  journaltitle = {日本航空宇宙学会誌},
  volume       = {49},
  number       = {570},
  pages        = {7-8},
  date         = {2001},
  langid       = {japanese}
}

@inproceedings{inproceedings_en_example,
  title     = {Title},
  author    = {Author},
  booktitle = {Proceedings Title},
  publisher = {Publisher},
  date      = {Date},
  pages     = {Pages},
  langid    = {english}
}

@inproceedings{inproceedings_ja_example,
  title     = {タイトル},
  author    = {著者名},
  booktitle = {講演集名},
  publisher = {発行者},
  date      = {年},
  pages     = {頁},
  langid    = {japanese}
}

@inproceedings{event_en_example,
  title      = {Concept Study on New Heavy Rocket with Ejector Rocket Engines (Including Study on Thrust Augmentation)},
  author     = {Kobayashi, Kenji and Gopal, Sharma},
  eventtitle = {33rd International Symposium on Space Technology and Science},
  venue      = {Oita, Japan},
  eventdate  = {2022-02-26/2022-03-04},
  langid     = {english}
}

@inproceedings{event_ja_example,
  title      = {テラヘルツを用いた月面の広域な水エネルギー資源探査TSUKIMI概要},
  author     = {笠井 康子 and 宮本 英昭 and 西堀 俊幸 and 前澤 裕之 and 本多 哲也 and TSUKIMI Team},
  eventtitle = {第66回宇宙科学技術連合講演会},
  venue      = {熊本城ホール},
  eventdate  = {2022-11-01/2022-11-04},
  langid     = {japanese}
}

@online{online_ja_example,
  title        = {第67回宇宙科学技術連合講演会},
  author       = {日本航空宇宙学会},
  organization = {日本航空宇宙学会},
  date         = {2023},
  url          = {https://branch.jsass.or.jp/ukaren67/},
  urldate      = {2023-08-05},
  langid       = {japanese}
}
